<record><leader>00000cas a22000007a 4500</leader><controlfield tag="001">22840813</controlfield><controlfield tag="008">901212d19uu1971nyuwr ne      0    0eng d</controlfield><datafield ind1=" " ind2=" " tag="010"><subfield code="a">sn 90066359 </subfield></datafield><datafield ind1=" " ind2=" " tag="040"><subfield code="a">NYS</subfield><subfield code="b">eng</subfield><subfield code="c">NYS</subfield><subfield code="d">OCLCQ</subfield></datafield><datafield ind1=" " ind2=" " tag="042"><subfield code="a">msc</subfield></datafield><datafield ind1="0" ind2=" " tag="130"><subfield code="a">Kingstonian (Kingston, N.Y.)</subfield></datafield><datafield ind1="1" ind2="4" tag="245"><subfield code="a">The Kingstonian.</subfield></datafield><datafield ind1=" " ind2=" " tag="260"><subfield code="a">[Kingston, N.Y.] :</subfield><subfield code="b">Everett S. Landers</subfield></datafield><datafield ind1=" " ind2=" " tag="300"><subfield code="a">v.</subfield></datafield><datafield ind1=" " ind2=" " tag="310"><subfield code="a">Weekly</subfield></datafield><datafield ind1="1" ind2=" " tag="362"><subfield code="a">Ceased in May 1971?</subfield></datafield><datafield ind1=" " ind2=" " tag="580"><subfield code="a">Merged with: Saugerties post, and: Catskill Mountain star of Saugerties, and: Woodstock record press, to form: Saugerties post star.</subfield></datafield><datafield ind1=" " ind2=" " tag="588"><subfield code="a">Description based on: Vol. 19, no. 44 (Dec. 2, 1960).</subfield></datafield><datafield ind1=" " ind2="4" tag="651"><subfield code="a">Kingston (N.Y.)</subfield><subfield code="v">Newspapers.</subfield></datafield><datafield ind1=" " ind2=" " tag="752"><subfield code="a">United States</subfield><subfield code="b">New York</subfield><subfield code="c">Ulster</subfield><subfield code="d">Kingston.</subfield></datafield><datafield ind1="0" ind2="4" tag="780"><subfield code="t">Kingston Ulster press</subfield><subfield code="w">(DLC)sn 90066364</subfield><subfield code="w">(OCoLC)22830374</subfield></datafield><datafield ind1="0" ind2="4" tag="780"><subfield code="t">Ulster County news and Kingston leader</subfield><subfield code="w">(DLC)sn 90066341</subfield><subfield code="w">(OCoLC)22755954</subfield></datafield><datafield ind1="1" ind2="7" tag="785"><subfield code="t">Saugerties post</subfield><subfield code="w">(DLC)sn 87028292</subfield><subfield code="w">(OCoLC)15360387</subfield></datafield><datafield ind1="1" ind2="7" tag="785"><subfield code="t">Catskill Mountain star of Saugerties</subfield><subfield code="w">(DLC)sn 90066284</subfield><subfield code="w">(OCoLC)22496390</subfield></datafield><datafield ind1="1" ind2="7" tag="785"><subfield code="t">Woodstock record press</subfield><subfield code="w">(DLC)sn 90066350</subfield><subfield code="w">(OCoLC)22769031</subfield></datafield><datafield ind1="1" ind2="7" tag="785"><subfield code="t">Saugerties post star</subfield><subfield code="w">(DLC)sn 87070065</subfield><subfield code="w">(OCoLC)15989749</subfield></datafield><datafield ind1="1" ind2=" " tag="029"><subfield code="a">AU@</subfield><subfield code="b">000025866838</subfield></datafield></record>